@string{pub-ieee = "{IEEE}"};
@string{ieee-infocom = " {IEEE} Infocom"};
@string{acm-imc = " ACM Internet Measurement Conference"};
@string{pub-acm = "{ACM}"};
@string{proc = "Proceedings of the "};
@string{internet-rfc = "Internet Request For Comments"};


@inproceedings{tangled,
  author={Bertholdo, Leandro M. and Ceron, Jo√£o M. and Vries, Wouter B. de and Schmidt, Ricardo de Oliveira and Granville, Lisandro Zambenedetti and Rijswijk-Deij, Roland van and Pras, Aiko},
  booktitle={IFIP/IEEE IM}, 
  title={TANGLED: A Cooperative Anycast Testbed}, 
  year={2021},
}


@inproceedings {capa,
author = {Bingzhe Liu and Colin Scott and Mukarram Tariq and Andrew Ferguson and Phillipa Gill and Richard Alimi and Omid Alipourfard and Deepak Arulkannan and Virginia Jean Beauregard and Patrick Conner and P. Brighten Godfrey and Xander Lin and Joon Ong and Mayur Patel and Amr Sabaa and Arjun Singh and Alex Smirnov and Manish Verma and Prerepa V Viswanadham and Amin Vahdat},
title = {CAPA: An Architecture For Operating Cluster Networks With High Availability},
booktitle = {USENIX NSDI},
year = {2024},
}

@misc{apnic-data,
 title={https://stats.labs.apnic.net/aspop/},
 author={APNIC},
 url={https://stats.labs.apnic.net/aspop/},
 year={2023}
}

@inproceedings {blastshield,
author = {Umesh Krishnaswamy and Rachee Singh and Nikolaj Bj{\o}rner and Himanshu Raj},
title = {Decentralized cloud wide-area network traffic engineering with {BLASTSHIELD}},
booktitle = {USENIX NSDI},
year = {2022},
}

@inproceedings{facebook-sigcomm-2023,
author = {Denis, Marek and Yao, Yuanjun and Hatch, Ashley and Zhang, Qin and Lim, Chiun Lin and Zhang, Shuqiang and Sugrue, Kyle and Kwok, Henry and Fernandez, Mikel Jimenez and Lapukhov, Petr and Hebbani, Sandeep and Nagarajan, Gaya and Baldonado, Omar and Gao, Lixin and Zhang, Ying},
title = {EBB: Reliable and Evolvable Express Backbone Network in Meta},
year = {2023},
booktitle = {ACM SIGCOMM},
}

@inproceedings{painter,
author = {Koch, Thomas and Yu, Shuyue and Agarwal, Sharad and Katz-Bassett, Ethan and Beckett, Ryan},
title = {PAINTER: Ingress Traffic Engineering and Routing for Enterprise Cloud Networks},
year = {2023},
booktitle = {ACM SIGCOMM},
}

@inproceedings{taiji,
author = {Chou, David and Xu, Tianyin and Veeraraghavan, Kaushik and Newell, Andrew and Margulis, Sonia and Xiao, Lin and Ruiz, Pol Mauri and Meza, Justin and Ha, Kiryong and Padmanabha, Shruti and Cole, Kevin and Perelman, Dmitri},
title = {Taiji: Managing Global User Traffic for Large-Scale Internet Services at the Edge},
year = {2019},
booktitle = {ACM SOSP},
}

@inproceedings{anycast_matt,
  title={Analyzing the Performance of an Anycast CDN},
  author={Calder, Matt and Flavel, Ashley and Katz-Bassett, Ethan and Mahajan, Ratul and Padhye, Jitendra},
  booktitle={ACM IMC},
  year={2015},
}

@inproceedings{anycast_ppp,
  title={Internet Anycast: Performance, Problems, \& Potential},
  author={Li, Zhihao and Levin, Dave and Spring, Neil and Bhattacharjee, Bobby},
  booktitle={ACM SIGCOMM},
  year={2018},
}

@inproceedings{anycast-failover,
author = {Ballani, Hitesh and Francis, Paul and Ratnasamy, Sylvia},
title = {A Measurement-Based Deployment Proposal for IP Anycast},
year = {2006},
booktitle = {ACM IMC},
}

@inproceedings{jiangchen-imc,
title = {Workshop paper anonymized for blind review},
}

@inproceedings{revtr,
author = {Vermeulen, Kevin and Gurmericliler, Ege and Cunha, Italo and Choffnes, David and Katz-Bassett, Ethan},
title = {Internet Scale Reverse Traceroute},
year = {2022},
booktitle = {ACM IMC},
}

@inproceedings{bgp-conv,
author = {Labovitz, Craig and Ahuja, Abha and Bose, Abhijit and Jahanian, Farnam},
title = {Delayed Internet Routing Convergence},
year = {2000},
booktitle = {ACM SIGCOMM},
}

@inproceedings{scamper,
author = {Luckie, Matthew},
title = {Scamper: A Scalable and Extensible Packet Prober for Active Measurement of the Internet},
year = {2010},
booktitle = {ACM IMC},
}

@inproceedings{inferring-catchment-in-internet-routing,
author = {Sermpezis, Pavlos and Kotronis, Vasileios},
title = {Inferring Catchment in Internet Routing},
year = {2019},
journal = {ACM Meas. Anal. Comput. Syst.},
}

@inproceedings{anyopt,
author = {Zhang, Xiao and Sen, Tanmoy and Zhang, Zheyuan and April, Tim and Chandrasekaran, Balakrishnan and Choffnes, David and Maggs, Bruce M. and Shen, Haiying and Sitaraman, Ramesh K. and Yang, Xiaowei},
title = {AnyOpt: Predicting and Optimizing IP Anycast Performance},
year = {2021},
booktitle = {ACM SIGCOMM},
}

@inproceedings{tipsy,
author = {Markovitch, Michael and Agarwal, Sharad and Fonseca, Rodrigo and Beckett, Ryan and Zhang, Chuanji and Atov, Irena and Chaturmohta, Somesh},
title = {TIPSY: Predicting Where Traffic Will Ingress a WAN},
year = {2022},
booktitle = {ACM SIGCOMM},
}


@misc{hitlist,
 title={IPv4 Hitlists},
 author={ISI ANT Lab},
 url={https://ant.isi.edu/datasets/ip_hitlists/},
 year={2022}
}

@misc{vultr-community,
 title={AS20473 BGP Communities Customer Guide},
 author={Vultr},
 url={https://github.com/vultr/vultr-docs/tree/main/faq/as20473-bgp-customer-guide},
 year={2022}
}

@string{ieee-acm-ton = "{ACM/IEEE} Transactions on Networking"};
@string{pub-ieee = "{IEEE}"};
@string{ieee-infocom = " {IEEE} Infocom"};
@string{acm-imc = " ACM Internet Measurement Conference"};
@string{pub-acm = "{ACM}"};
@string{proc = "Proceedings of the "};
@string{internet-rfc = "Internet Request For Comments"};

@inproceedings{aspp-rose,
author = {Marcos, Pedro and Prehn, Lars and Leal, Lucas and Dainotti, Alberto and Feldmann, Anja and Barcellos, Marinho},
title = {AS-Path Prepending: There is No Rose without a Thorn},
year = {2020},
booktitle = {ACM IMC},
}

@inproceedings{imc-jc-deanony,
author = {Zhu, Jiangchen and Vermeulen, Kevin and Cunha, Italo and Katz-Bassett, Ethan and Calder, Matt},
title = {The best of both worlds: high availability CDN routing without compromising control},
year = {2022},
booktitle = {ACM IMC}
}
@inproceedings{tango-nsdi,
  title={TANGO: Secure Collaborative Route Control across the Public Internet},
  author={Birge-Lee, Henry and Yoo, Sophia and Herber, Benjamin and Rexford, Jennifer and Apostolaki, Maria},
  booktitle={NSDI},
    year={2024}
}


@inproceedings{tango,
  title={It Takes Two to Tango: Cooperative Edge-to-Edge Routing},
  author={Birge-Lee, Henry and Apostolaki, Maria and Rexford, Jennifer},
  booktitle={HOTNETS},
    year={2022}
}

@inproceedings{arnold2020cloud,
  title={Cloud Provider Connectivity in the Flat Internet},
  author={Arnold, Todd and He, Jia and Jiang, Weifan and Calder, Matt and Cunha, Italo and Giotsas, Vasileios and Katz-Bassett, Ethan},
  booktitle={ACM IMC},
  year={2020}
}

@inproceedings{akamai-dns,
  title={Akamai DNS: Providing Authoritative Answers to the World's Queries},
  author={Schomp, Kyle and Bhardwaj, Onkar and Kurdoglu, Eymen and Muhaimen, Mashooq and Sitaraman, Ramesh K},
  booktitle={ACM SIGCOMM},
  year={2020}
}

@inproceedings{complex-as-relation,
author = {Giotsas, Vasileios and Luckie, Matthew and Huffaker, Bradley and claffy, kc},
title = {Inferring Complex AS Relationships},
year = {2014},
booktitle = {ACM IMC},
}


@inproceedings{guo2018detecting,
  title={Detecting ICMP Rate Limiting in the Internet},
  author={Guo, Hang and Heidemann, John},
  booktitle={PAM},
  year={2018},
}

@inproceedings {nel,
author = {Sam Burnett and Lily Chen and Douglas A. Creager and Misha Efimov and Ilya Grigorik and Ben Jones and Harsha V. Madhyastha and Pavlos Papageorge and Brian Rogan and Charles Stahl and Julia Tuttle},
title = {Network Error Logging: Client-side Measurement of End-to-end Web Service Reliability },
booktitle = {USENIX NSDI},
year = {2020},
}

@inproceedings {cascara,
author = {Rachee Singh and Sharad Agarwal and Matt Calder and Paramvir Bahl},
title = {Cost-effective Cloud Edge Traffic Engineering with Cascara},
booktitle = {USENIX NSDI},
year = {2021},
}

@inproceedings{selecting-rep-ip,
author = {Fan, Xun and Heidemann, John},
title = {Selecting Representative IP Addresses for Internet Topology Studies},
year = {2010},
booktitle = {ACM IMC},
}

@inproceedings{asdb,
author = {Ziv, Maya and Izhikevich, Liz and Ruth, Kimberly and Izhikevich, Katherine and Durumeric, Zakir},
title = {ASdb: A System for Classifying Owners of Autonomous Systems},
year = {2021},
booktitle = {ACM IMC},
}



@inproceedings{feamster-guidelines-interdomain-te,
	author = {Feamster, Nick and Borkenhagen, Jay and Rexford, Jennifer},
	title = {Guidelines for Interdomain Traffic Engineering},
	year = {2003},
	booktitle = {ACM SIGCOMM CCR},
}


@inproceedings{bozkurt2017internet,
  title={Why is the Internet so Slow?!},
  author={Bozkurt, Ilker Nadi and Aguirre, Anthony and Chandrasekaran, Balakrishnan and Godfrey, P and Laughlin, Gregory and Maggs, Bruce and Singla, Ankit},
  booktitle={PAM},
  year={2017},
}

@inproceedings{dns-performance-caching,
  author={Jaeyeon Jung and Sit, E. and Balakrishnan, H. and Morris, R.},
  booktitle={ACM SIGCOMM IMW},
  title={DNS Performance and the Effectiveness of Caching},
  year={2001},
  }

@inproceedings {anycast-agility,
author = {A S M Rizvi and Leandro Bertholdo and Jo{\~a}o Ceron and John Heidemann},
title = {Anycast Agility: Network Playbooks to Fight {DDoS}},
booktitle = {USENIX Security},
year = {2022},
}

@inproceedings{a-measurement-study-on-the-impact,
author = {Wang, Feng and Mao, Zhuoqing Morley and Wang, Jia and Gao, Lixin and Bush, Randy},
title = {A Measurement Study on the Impact of Routing Events on End-to-End Internet Path Performance},
year = {2006},
booktitle = {ACM SIGCOMM},
}



@inproceedings{end-user-mapping,
author = {Chen, Fangfei and Sitaraman, Ramesh K. and Torres, Marcelo},
title = {End-User Mapping: Next Generation Request Routing for Content Delivery},
year = {2015},
booktitle = {ACM SIGCOMM},
}




@inproceedings{anycast-in-context,
author = {Koch, Thomas and Katz-Bassett, Ethan and Heidemann, John and Calder, Matt and Ardi, Calvin and Li, Ke},
title = {Anycast In Context: A Tale of Two Systems},
year = {2021},
booktitle = {ACM SIGCOMM},
}


@inproceedings{cache-me-if-you-can,
author = {Moura, Giovane C. M. and Heidemann, John and Schmidt, Ricardo de O. and Hardaker, Wes},
title = {Cache Me If You Can: Effects of DNS Time-to-Live},
year = {2019},
booktitle = {ACM IMC},
}

@inproceedings{schlinker19peering,
	author = {Brandon Schlinker and Todd Arnold and Italo Cunha
		and Ethan Katz-Bassett},
	title = {{PEERING: Virtualizing BGP at the Edge for Research}},
	booktitle = {ACM CoNEXT},
	year = {2019}
}


@inproceedings{10.1145/347059.347428,
author = {Labovitz, Craig and Ahuja, Abha and Bose, Abhijit and Jahanian, Farnam},
title = {Delayed Internet Routing Convergence},
year = {2000},
booktitle = {ACM SIGCOMM},
}

@misc{caida-relationship,
	title={AS Relationships},
	author={CAIDA},
	url={https://www.caida.org/catalog/datasets/as-relationships/},
	year={2020}
}

@misc{ripe_history,
 title={Routing History},
 author={RIPEstat},
 url={https://stat.ripe.net/docs/02.data-api/routing-history.html},
 year={2021}
}

@misc{ris,
 title={Routing Information Service (RIS)},
 author={RIPE NCC},
 url={https://www.ripe.net/analyse/internet-measurements/routing-information-service-ris},
 year={2022}
}

@misc{routeviews,
 title={University of Oregon Route Views Project},
 author={Route Views},
 url={http://www.routeviews.org/routeviews/},
 year={2022}
}

@misc{verfploeter,
 title={Verfploeter: Active Measurement of Anycast Catchements},
 author={ISI ANT Lab},
 url={https://ant.isi.edu/software/verfploeter/index.html},
 year={2022}
}

@inproceedings{10.1145/3419394.3423646,
author = {Sommese, Raffaele and Bertholdo, Leandro and Akiwate, Gautam and Jonker, Mattijs and van Rijswijk-Deij, Roland and Dainotti, Alberto and Claffy, KC and Sperotto, Anna},
title = {MAnycast2: Using Anycast to Measure Anycast},
year = {2020},
booktitle = {ACM IMC},
}


@inproceedings{10.1145/3452296.3472928,
author = {Gigis, Petros and Calder, Matt and Manassakis, Lefteris and Nomikos, George and Kotronis, Vasileios and Dimitropoulos, Xenofontas and Katz-Bassett, Ethan and Smaragdakis, Georgios},
title = {Seven Years in the Life of Hypergiants' off-Nets},
year = {2021},
booktitle = {ACM SIGCOMM},
}


@inproceedings{10.1145/3487552.3487844,
author = {Jiang, Weifan and Luo, Tao and Koch, Thomas and Zhang, Yunfan and Katz-Bassett, Ethan and Calder, Matt},
title = {Towards Identifying Networks with Internet Clients Using Public Data},
year = {2021},
booktitle = {ACM IMC},
}


@inproceedings{onehop,
author = {Chiu, Yi-Ching and Schlinker, Brandon and Radhakrishnan, Abhishek Balaji and Katz-Bassett, Ethan and Govindan, Ramesh},
title = {Are We One Hop Away from a Better Internet?},
year = {2015},
booktitle = {ACM IMC},
}

@inproceedings{dns-in-context,
author = {Allman, Mark},
title = {Putting DNS in Context},
booktitle = {ACM IMC},
year = {2020},
}

@inproceedings{marwan2021ties,
  title={The Ties that un-Bind: Decoupling IP from Web Services and Sockets for Robust Addressing Agility at CDN-Scale},
  author={Fayed, Marwan and Bauer, Lorenz and Giotsas, Vasileios and Kerola, Sami and Majkowski, Marek and Odinstov, Pavel and Sitnicki, Jakub and Chung, Taejoong and Levin, Dave and Mislove, Alan and Wood, Christopher A. and Sullivan, Nick},
  booktitle={ACM SIGCOMM},
  year={2021},
}
@inproceedings{li_levin_spring_bhattacharjee_2018,
  title={Internet Anycast: Performance, Problems, \& Potential},
  author={Li, Zhihao and Levin, Dave and Spring, Neil and Bhattacharjee, Bobby},
  booktitle={ACM SIGCOMM},
  year={2018},
}
@phdthesis{li2019diagnosing,
  title={Diagnosing and Improving the Performance of Internet Anycast},
  author={Li, Zhihao},
  year={2019},
  school={University of Maryland, College Park}
}
@inproceedings{spring2003causes,
  title={The Causes of Path Inflation},
  author={Spring, Neil and Mahajan, Ratul and Anderson, Thomas},
  booktitle={Proceedings of the 2003 conference on Applications, technologies, architectures, and protocols for computer communications},
  year={2003},
  month=aug,
}
@inproceedings{de2017anycast,
  title={Anycast Latency: How Many Sites Are Enough?\killpunct},
  author={Schmidt, Ricardo de Oliveira and Heidemann, John and Kuipers, Jan Harm},
  booktitle={International Conference on Passive and Active Network Measurement (PAM)},
  year={2017},
  month=mar,
  publisher={Springer},
}
@inproceedings{wei2017does,
  title={Does Anycast Hang Up on You?\killpunct},
  author={Wei, Lan and Heidemann, John},
  booktitle={Network Traffic Measurement and Analysis Conference (TMA)},
  year={2017},
  month=jun,
}
@inproceedings{wei2020bidirectional,
  title={Bidirectional Anycast/Unicast Probing (BAUP): Optimizing CDN Anycast},
  author={Wei, Lan and Flores, Marcel and Bedi, Harkeerat and Heidemann, John},
  booktitle={ Network Operations and Management Symposium},
  year={2020},
  publisher={IEEE/IFIP}
}
@inproceedings{bertholdo2020bgp,
  title={BGP Anycast Tuner: Intuitive Route Management for Anycast Services},
  author={Bertholdo, Leandro M. and Ceron, Joao M. and Granville, Lisandro Z. and Moura, Giovane C. M. and Hesselman, Cristian and van Rijswijk-Deij, Roland},
  booktitle={$16^{th}$ International Conference on Network and Service Management (CNSM)},
  year={2020},
  publisher={IEEE},
}
@inproceedings{gharaibeh_colocation_24,
  title={Assessing Co-locality of {IP} Blocks},
  author={Gharaibeh, Manaf and Zhang, Han and Papadopoulos, Christos and Heidemann, John},
  booktitle={Proceedings of $19^{th}$ IEEE Global Internet Symposium},
  month = apr,
  year={2016},
  publisher={IEEE}
}
@inproceedings{ballani2005towards,
  title={Towards a Global IP Anycast Service},
  author={Ballani, Hitesh and Francis, Paul},
  booktitle={ACM SIGCOMM},
  year={2005},
  month=aug,
}

@article{colitti2006evaluating,
  title={Evaluating the Effects of Anycast on DNS Root Name Servers},
  author={Colitti, Lorenzo and Romijn, Erik and Uijterwaal, Henk and Robachevsky, Andrei},
  journal={RIPE Document RIPE-393},
  year={2006},
  month=oct,
  publisher={RIPE}
}
@inproceedings{liang2013measuring,
  title={Measuring Query Latency of Top Level DNS Servers},
  author={Liang, Jinjin and Jiang, Jian and Duan, Haixin and Li, Kang and Wu, Jianping},
  booktitle={International Conference on Passive and Active Network Measurement (PAM)},
  year={2013},
  month=mar,
  publisher={Springer}
}
@inproceedings{moura2016anycast,
  title={Anycast vs. DDoS: Evaluating the November 2015 Root DNS Event},
  author={Moura, Giovane C. M. and Schmidt, Ricardo de Oliveira and Heidemann, John and de Vries, Wouter B. and Muller, Moritz and Wei, Lan and Hesselman, Cristian},
  booktitle={Proceedings of the 2016 Internet Measurement Conference (IMC)},
  year={2016},
  month=nov,
}
@article{moura2020old,
  title={Old But Gold: Prospecting TCP to Engineer DNS Anycast (extended)},
  author={Moura, Giovane C. M. and Heidemann, John and Hardaker, Wes and Bulten, Jeroen and Ceron, Joao and Hesselman, Cristian},
  journal={ISI-TR-740, USC/Information Sciences Institute, Tech. Report},
  year={2020}
}
@inproceedings{sarat2006use,
  title={On the Use of Anycast in DNS},
  author={Sarat, Sandeep and Pappas, Vasileios and Terzis, Andreas},
  booktitle={ACM SIGMETRICS},
  year={2006},
  month=jun,
}
@inproceedings{Moura19b,
  author = {Moura, Giovane C. M. and Heidemann, John and de O. Schmidt, Ricardo and Hardaker, Wes},
  title = {Cache Me If You Can: Effects of {DNS} {Time-to-Live}},
  booktitle = {ACM IMC},
  year = {2019},
}

@inproceedings{flavel2015fastroute,
  title={Fastroute: A scalable Load-Aware Anycast Routing Architecture for Modern CDNs},
  author={Flavel, Ashley and Mani, Pradeepkumar and Maltz, David and Holt, Nick and Liu, Jie and Chen, Yingying and Surmachev, Oleg},
  booktitle={USENIX NSDI},
  year={2015},
}
@article{alzoubi2011practical,
  title={A Practical Architecture for an Anycast CDN},
  author={Alzoubi, Hussein A and Lee, Seungjoon and Rabinovich, Michael and Spatscheck, Oliver and Van Der Merwe, Jacobus},
  journal={ACM Transactions on the Web (TWEB)},
  year={2011},
  month=jul,
}
@inproceedings{calder2015analyzing,
  title={Analyzing the Performance of an Anycast CDN},
  author={Calder, Matt and Flavel, Ashley and Katz-Bassett, Ethan and Mahajan, Ratul and Padhye, Jitendra},
  booktitle={ACM IMC},
  year={2015},
}
@inproceedings{calder2018odin,
  title={Odin: Microsoft‚Äôs Scalable Fault-Tolerant CDN Measurement System},
  author={Calder, Matt and Gao, Ryan and Schr{\"o}der, Manuel and Stewart, Ryan and Padhye, Jitendra and Mahajan, Ratul and Ananthanarayanan, Ganesh and Katz-Bassett, Ethan},
  booktitle={USENIX NSDI},
  year={2018},
}
@inproceedings{mao2002precise,
  title={A Precise and Efficient Evaluation of the Proximity Between Web Clients and their Local DNS Servers},
  author={Mao, Zhuoqing Morley and Cranor, Charles and Douglis, Fred and Rabinovich, Michael and Spatscheck, Oliver and Wang, Jia},
  booktitle={USENIX Annual Technical Conference},
  year={2002},
}
@incollection{jin2019zooming,
  title={Zooming in on Wide-Area Latencies to a Global Cloud Provider},
  author={Jin, Yuchen and Renganathan, Sundararajan and Ananthanarayanan, Ganesh and Jiang, Junchen and Padmanabhan, Venkata N and Schroder, Manuel and Calder, Matt and Krishnamurthy, Arvind},
  booktitle={Proceedings of the 2019 ACM SIGCOMM Conference},
  year={2019},
}
@article{zhu2012latlong,
  title={LatLong: Diagnosing Wide-Area Latency Changes for CDNs},
  author={Zhu, Yaping and Helsley, Benjamin and Rexford, Jennifer and Siganporia, Aspi and Srinivasan, Sridhar},
  journal={IEEE Transactions on Network and Service Management},
  year={2012},
}
@inproceedings{katz2006towards,
  title={Towards IP Geolocation Using Delay and Topology Measurements},
  author={Katz-Bassett, Ethan and John, John P. and Krishnamurthy, Arvind and Wetherall, David and Anderson, Thomas and Chawathe, Yatin},
  booktitle={ACM IMC},
  year={2006},
}
@article{callahan2013modern,
  title={On Modern DNS Behavior and Properties},
  author={Callahan, Thomas and Allman, Mark and Rabinovich, Michael},
  journal={ACM SIGCOMM Computer Communication Review},
  year={2013},
}
@inproceedings{krishnan2009moving,
  title={Moving Beyond End-to-End Path Information to Optimize CDN Performance},
  author={Krishnan, Rupa and Madhyastha, Harsha V. and Srinivasan, Sridhar and Jain, Sushant and Krishnamurthy, Arvind and Anderson, Thomas and Gao, Jie},
  booktitle={ACM IMC},
  year={2009},
}

@inproceedings{allman2019eliminating,
  title={On Eliminating Root Nameservers from the DNS},
  author={Allman, Mark},
  booktitle={Proceedings of the $18^{th}$ ACM Workshop on Hot Topics in Networks (HOTNETS)},
  year={2019},
}

@inproceedings{lentz2013d,
  title={D-mystifying the D-root Address Change},
  author={Lentz, Matthew and Levin, Dave and Castonguay, Jason and Spring, Neil and Bhattacharjee, Bobby},
  booktitle={ACM IMC},
  year={2013},
}
@inproceedings{sundaresan2013web,
  title={Web Performance Bottlenecks in Broadband Access Networks},
  author={Sundaresan, Srikanth and Magharei, Nazanin and Feamster, Nick and Teixeira, Renata and Crawford, Sam},
  booktitle={ACM SIGMETRICS},
  year={2013},
}
@article{yu2012authority,
  title={Authority Server Selection in DNS Caching Resolvers},
  author={Yu, Yingdi and Wessels, Duane and Larson, Matt and Zhang, Lixia},
  journal={ACM SIGCOMM Computer Communication Review},
  year={2012},
  month=apr,
}
@inproceedings{asrese2016wepr,
  title={WePR: A Tool for Automated Web Performance Measurement},
  author={Asrese, Alemnew Sheferaw and Sarolahti, Pasi and Boye, Magnus and Ott, Jorg},
  booktitle={2016 IEEE Globecom Workshops},
  year={2016},
  month=dec,
}
@inproceedings{enghardt2019web,
  title={Web Performance Pitfalls},
  author={Enghardt, Theresa and Zinner, Thomas and Feldmann, Anja},
  booktitle={International Conference on Passive and Active Network Measurement (PAM)},
  year={2019},
  month=mar,
}
@inproceedings{huawei_evaluating_anycast,
  title={Evaluating Performance and Inefficient Routing of an Anycast CDN},
  author={Xue, Jing'an and Dang, Weizhen and Wang, Haibo and Wang, Jilong and Wang, Hui},
  booktitle={Proceedings of the International Symposium on Quality of Service},
  year={2019},
  month=jun,
}
@inproceedings{katabi2000framework,
  title={A Framework for Global IP-Anycast (GIA)},
  author={Katabi, Dina and Wroclawski, John},
  booktitle={ACM SIGCOMM},
  year={2000},
  month=aug,
}
@article{akplogan2020covid,
  title={Analysis of the Effects of COVID-19-Related Lockdowns on IMRS Traffic},
  author={Akplogan, Adiel and Arends, Roy and Conrad, David and Durand, Alain and Hoffman, Paul and Huberman, David and Larson, Matt and Lloyd, Sion and Manderson, Terry and Soltero, David and Tajalizadehkhoob, Samaneh and Ereche, Mauricio Vergara},
  year={2020},
  month=apr,
  url={icann.org/en/system/files/files/octo-008-en.pdf}
}
@article{metz2002ip,
  title={IP Anycast Point-To-(Any) Point Communication},
  author={Metz, Christopher},
  journal={IEEE Internet Computing},
  year={2002},
  month=aug,
}
@inproceedings{mcquistin2019taming,
  title={Taming Anycast in the Wild Internet},
  author={McQuistin, Stephen and Uppu, Sree Priyanka and Flores, Marcel},
  booktitle={ACM IMC},
  year={2019},
  month=oct,
}

@InProceedings{Mueller17b,
  author={Moritz M\"{u}ller and Giovane C. M. Moura and Ricardo de Oliveira Schmidt and John Heidemann},
  title={Recursives in the Wild: Engineering Authoritative {DNS} Servers},
  booktitle={ACM IMC},
  year={2017},
}

@article{Heidemann97b,
  author={John Heidemann and Katia Obraczka and Joe Touch},
  title={Modelling the Performance of HTTP Over Several Transport Protocols},
  journal =   ieee-acm-ton,
  year={1997},
  month=oct,
}

@InProceedings{Cardwell00a,
   author={Neal Cardwell and Stefan Savage and Tom Anderson},
   title={Modelling {TCP} Latency},
   booktitle={INFOCOM},
   year={2000},
   month=mar,
}

@inproceedings{revtr2.0,
  title={Reverse Traceroute},
  author={Katz-Bassett, Ethan and Madhyastha, Harsha V and Adhikari, Vijay Kumar and Scott, Colin and Sherry, Justine and Van Wesep, Peter and Anderson, Thomas E and Krishnamurthy, Arvind},
  booktitle={NSDI},
  year = {2010}
}

@inproceedings{chiu2015we,
  title={Are We One Hop Away from a Better Internet?\killpunct},
  author={Chiu, Yi-Ching and Schlinker, Brandon and Radhakrishnan, Abhishek Balaji and Katz-Bassett, Ethan and Govindan, Ramesh},
  booktitle={ACM IMC},
  year={2015},
  month=oct,
}
@inproceedings{arnold2020much,
  title={(How Much) Does a Private WAN Improve Cloud Performance?\killpunct},
  author={Arnold, Todd and G{\"u}rmeri{\c{c}}liler, Ege and Essig, Georgia and Gupta, Arpit and Calder, Matt and Giotsas, Vasileios and Katz-Bassett, Ethan},
  booktitle={INFOCOM},
  year={2020},
  month=jul,
}
@inproceedings{arnold2019beating,
  title={Beating BGP is Harder than we Thought},
  author={Arnold, Todd and Calder, Matt and Cunha, Italo and Gupta, Arpit and Madhyastha, Harsha V. and Schapira, Michael and Katz-Bassett, Ethan},
  booktitle={Proceedings of the $18^{th}$ ACM Workshop on Hot Topics in Networks (HOTNETS)},
  year={2019},
  month=nov,
}
@inproceedings{wohlfart2018leveraging,
  title={Leveraging Interconnections for Performance: The Serving Infrastructure of a Large CDN},
  author={Wohlfart, Florian and Chatzis, Nikolaos and Dabanoglu, Caglar and Carle, Georg and Willinger, Walter},
  booktitle={ACM SIGCOMM},
  year={2018},
  month=aug,
}
%RTT result
@inproceedings{iwIMC17,
  title={{Large-Scale Scanning of TCP‚Äôs Initial Window}},
  author={Jan R\"uth and Christian Bormann and Oliver Hohlfeld},
  booktitle={ACM IMC},
  year={2017},
  month=nov,
  pulisher={ACM},
}
@inproceedings{wang2013demystifying,
  title={Demystifying Page Load Performance with WProf},
  author={Wang, Xiao Sophia and Balasubramanian, Aruna and Krishnamurthy, Arvind and Wetherall, David},
  booktitle={USENIX NSDI},
  year={2013},
  month=apr,
}
@inproceedings{lucas_ripe_potential,
    author={Barsand, Lucas and Vaz, Artur and  Bastos, Jo√£o and Fonseca, Osvaldo Luis and Cunha, Italo},
    title={Realizando o Potencial da Plaforma RIPE Atlas},
    booktitle={Sal√£o de Ferramentas do SBRC 2019},
    month={may},
    year={2019},
}
@article{gao2014reexamining,
  title={Reexamining DNS from a Global Recursive Resolver Perspective},
  author={Gao, Hongyu and Yegneswaran, Vinod and Jiang, Jian and Chen, Yan and Porras, Phillip and Ghosh, Shalini and Duan, Haixin},
  journal={IEEE/ACM Transactions on Networking},
  year={2014},
  month=oct,
}
@inproceedings{yap2017taking,
  title={Taking the Edge off with Espresso: Scale, Reliability and Programmability for Global Internet Peering},
  author={Yap, Kok-Kiong and Motiwala, Murtaza and Rahe, Jeremy and Padgett, Steve and Holliman, Matthew and Baldus, Gary and Hines, Marcus and Kim, Taeeun and Narayanan, Ashok and Jain, Ankur and others},
  booktitle={ACM SIGCOMM},
  year={2017},
}
@inproceedings{schlinker2017engineering,
  title={Engineering Egress with Edge Fabric: Steering Oceans of Content to the World},
  author={Schlinker, Brandon and Kim, Hyojeong and Cui, Timothy and Katz-Bassett, Ethan and Madhyastha, Harsha V. and Cunha, Italo and Quinn, James and Hasan, Saif and Lapukhov, Petr and Zeng, Hongyi},
  booktitle={ACM SIGCOMM},
  year={2017},
}
@inproceedings{schlinker2019internet,
  title={Internet Performance from Facebook's Edge},
  author={Schlinker, Brandon and Cunha, Italo and Chiu, Yi-Ching and Sundaresan, Srikanth and Katz-Bassett, Ethan},
  booktitle={ACM IMC},
  year={2019},
}
@inproceedings{jain2013b4,
  title={B4: Experience with a Globally-Deployed Software Defined WAN},
  author={Jain, Sushant and Kumar, Alok and Mandal, Subhasree and Ong, Joon and Poutievski, Leon and Singh, Arjun and Venkata, Subbaiah and Wanderer, Jim and Zhou, Junlan and Zhu, Min},
  booktitle={ACM SIGCOMM},
  year={2013},
  month=aug,
}
@inproceedings{hong2013achieving,
  title={Achieving High Utilization with Software-Driven WAN},
  author={Hong, Chi-Yao and Kandula, Srikanth and Mahajan, Ratul and Zhang, Ming and Gill, Vijay and Nanduri, Mohan and Wattenhofer, Roger},
  booktitle={ACM SIGCOMM},
  year={2013},
  month=aug,
}

@TechReport{Kumari20a,
    author={W. Kumari and P. Hoffman},
    title={Running a Root Server Local to a Resolver},
    institution =  internet-rfc,
    year =         2020,
    number =       8806,
    month =        jun,
    url={www.rfc-editor.org/rfc/rfc8806.txt},
}

@inproceedings{cicalese2015characterizing,
  title={Characterizing IPv4 Anycast Adoption and Deployment},
  author={Cicalese, Danilo and Aug{\'e}, Jordan and Joumblatt, Diana and Friedman, Timur and Rossi, Dario},
  booktitle={ACM CoNEXT},
  year={2015},
  month=dec
}
@inproceedings{giordano2016first,
  title={A First Characterization of Anycast Traffic from Passive Traces},
  author={Giordano, Danilo and Cicalese, Danilo and Finamore, Alessandro and Mellia, Marco and Munaf{\`o}, Maurizio and Joumblatt, Diana Zeaiter and Rossi, Dario},
  booktitle={Network Traffic Measurement and Analysis Conference (TMA)},
  year={2016},
  month=apr,
}
@inproceedings{need-for-mobile-speed,
  title={Need for Mobile Speed: A Historical Analysis of Mobile Web Performance},
  author={Javad Nejati and Meng Luo and Nick Nikiforakis and Aruna Balasubramanian},
  booktitle={Network Traffic Measurement and Analysis Conference (TMA)},
  year={2020},
}

@InProceedings{vermeulen2022internet,
  author       = {Vermeulen, Kevin and Gurmericliler, Ege and Cunha, Italo and Choffnes, Dave and Katz-Bassett, Ethan},
  title        = {{Internet Scale Reverse Traceroute}},
  booktitle={ACM IMC},
  year         = {2022},
}

@misc{ditl,
  url={dns-oarc.net/oarc/data/ditl/2018},
  author={DNS-OARC},
  title={A Day in the Life of the Internet},
  year={2018}
}
% APNIC population by AS
@misc{apnic_pop_est,
  title={How Big is that Network?\killpunct},
  author={Geoff Huston},
  year={2014},
  url={labs.apnic.net/?p=526}
}

% Websites
@misc{quad9_public_dns,
 title={Quad9 Locations},
 publisher={Quad9},
 url={quad9.net/locations/},
 year={2020}
}
@misc{google_public_dns,
 author={Google},
 title={Google Public DNS},
 url={developers.google.com/speed/public-dns},
 year={2020}
}
@misc{google_anycast_vms,
 author={Google},
 title={Cloud Load Balancing},
 url={cloud.google.com/load-balancing},
 year={2021}
}
@misc{opendns_public_dns,
 author={OpenDNS},
 url={opendns.com/data-center-locations/},
 year={2020},
 title={Data Center Locations}
}
@misc{brutlag2009speed,
  title={Speed Matters for Google Web Search},
  author={Brutlag, Jake},
  year={2009},
  url={services.google.com/fh/files/blogs/google_delayexp.pdf}
}
@misc{route53_anycast,
 author={Amazon},
 url={aws.amazon.com/route53/faqs/},
 title={Amazon Route 53 FAQs},
 year={2020}
}
@misc{akamai_anycast,
  url={akamai.com/us/en/multimedia/documents/white-paper/akamai-designing-dns-for-availability-and-resilience-against-ddos-attacks.pdf},
  title={Designing DNS for Availability and Resilience Against DDoS Attacks},
  author={Akamai},
  year={2020}
}
@misc{root_servers,
  title={Root Servers},
  url={root-servers.org},
  author={IANA},
  year={2020}
}
@misc{teamcymru,
  url={team-cymru.com/community-services/ip-asn-mapping/},
  title={IP to ASN Mapping Service},
  author={Team Cymru},
  year={2020}
}
@misc{caida_as_org,
  url={caida.org/data/as-organizations/},
  title={Inferred AS to Organization Mapping Dataset},
  author={CAIDA},
  year={2020}
}
@misc{http_archive,
  url={httparchive.org/},
  author={Internet Archive},
  title={The HTTP Archive Project},
  year={2020}
}
@article{staff2015ripe,
  title={RIPE Atlas: A Global Internet Measurement Network},
  author={Staff, RIPE NCC},
  journal={Internet Protocol Journal},
  year={2015}
}
@misc{maxmind,
  author={MaxMind Inc},
  title={IP Geolocation},
  url={maxmind.com/en/geoip2-databases},
  year={2020}
}
@misc{edgecast_anycast,
 author={Verizon},
 url={verizondigitalmedia.com/media-platform/delivery/network/},
 year={2020}
}
@misc{tshark,
 title={Tshark},
 author={Combs, Gerald},
 url={wireshark.org/docs/man-pages/tshark.html},
 year={2020}
}
@misc{web_api_loadeventend,
 title={PerformanceTiming.loadEventEnd},
 url={developer.mozilla.org/en-US/docs/Web/API/PerformanceTiming/loadEventEnd},
 publisher={Mozilla},
 year={2019}
}
@misc{tcp_initial_window_size,
 title={TCP Initial Window Configurations in the Wild},
 url={blog.apnic.net/2018/01/15/tcp-initial-window-configurations-wild/},
 author={Ruth, Jan},
 year={2018}
}
@misc{web_api_load_event,
 title={Window: Load Event},
 url={developer.mozilla.org/en-US/docs/Web/API/Window/load_event},
 author={Mozilla},
 year={2020}
}
@misc{broot_invalid_queries,
  title={What's in a Name?\killpunct},
  url={blog.apnic.net/2020/04/13/whats-in-a-name/},
  author={Hardaker, Wes},
  year={2020},
  publisher={APNIC}
}
@misc{apnic_invalid_queries,
  title={Chromium's Impact on Root DNS Traffic},
  url={blog.apnic.net/2020/08/21/chromiums-impact-on-root-dns-traffic},
  author={Thomas, Matthew},
  year={2020},
  publisher={APNIC}
}
@misc{or_tools,
  title={Google OR-Tools},
  url={https://developers.google.com/optimization},
  author={Google},
  year={2023},
}
@misc{private_ips,
  title={IANA IPv4 Special-Purpose Address Registry},
  url={iana.org/assignments/iana-ipv4-special-registry/iana-ipv4-special-registry.xhtml},
  author={IANA},
  year={2020}
}

% References relating to root DNS deployment details
@misc{icann_pch,
 title={Packet Clearing House},
 url={icannwiki.org/Packet_Clearing_House},
 author={ICANN},
 year={2020}
}
@misc{pch_info,
 title={Anycast Domain Name Service},
 url={pch.net/services/dns_anycast},
 publisher={Packet Clearing House},
 year={2020}
}
% J root, A root
@misc{verisign_hosting,
  title={FAQ on RIRS Node Hosting},
  url={verisign.com/en_US/domain-names/internet-resolution/node-hosting/index.xhtml},
  author={Verisign},
  year={2021}
}
@misc{k_root_disclaimer,
  title={Hosting a K-root Node},
  url={ripe.net/analyse/dns/k-root/hosting-a-k-root-node},
  author={RIPE NCC},
  year={2018}
}
% Should we use this?
@Misc{BRoot20a,
author={B-Root},
title={B-Root Begins Service from {Singapore}, {Virginia}, and {Amsterdam}},
month=jan,
year={2020},
url={b.root-servers.org/news/2020/01/28/new-sites.html},
}
@inproceedings{yahoo-slow,
	Annote = {400ms slower = 5-9% drop in full-page traffic (Yahoo).  Users leave before the page finishes loading
Yahoo! speaker},
	Author = {Stoyan Stefanov},
	Booktitle = {CSDN SD2C},
	Date-Added = {2013-05-08 13:42:43 +0000},
	Date-Modified = {2013-05-08 13:42:43 +0000},
	Title = {YSlow 2.0},
	Year = {2008}
}
@misc{linden-amazon,
	Author = {Greg Linden},
	Date-Added = {2013-05-08 13:42:51 +0000},
	Date-Modified = {2013-05-08 13:42:51 +0000},
	Howpublished = {\url{http://sites.google.com/site/glinden/Home/StanfordDataMining.2006-11-28.ppt}},
	Title = {{Make Data Useful}},
	Year = {2006}
}

@misc{cloudflare,
 author={Cloudflare},
 url={cloudflare.com/},
 title={Cloudflare},
 year={2020}
}
@misc{akamai_regulatory,
 author={Akamai},
 url={akamai.com/us/en/about/compliance/},
 title={Akamai Compliance Programs},
 year={2021}
}
@misc{cloudflare_anycast,
 title={Load Balancing without Load Balancers},
 author={Prince, Matthew},
 publisher={Cloudflare},
  url={blog.cloudflare.com/cloudflares-architecture-eliminating-single-p/},
  year={2013}
}
@misc{cloudflare_dns_tutorial,
 title={What is DNS?\killpunct},
 author={Cloudflare},
 url={cloudflare.com/learning/dns/what-is-dns/},
 year={2020}
}
@misc{rfc_1546,
  title={Host Anycasting Service},
  author={Partridge, Craig and Mendez, Trevor and Milliken, Walter},
  url={tools.ietf.org/html/rfc1546},
  year={1993}
}
@misc{rfc_1035,
 title={Domain Names - Implementation and Specification},
 author={Mockapetris, P.},
 url={ietf.org/rfc/rfc1035.txt},
 year={1987}
}
% References of blog posts talking about root DNS latency
@misc{thousandEyesRDNSLatency,
 author={Mehmet Akcin},
 url={thousandeyes.com/blog/comparing-dns-root-server-performance},
 title={Comparing Root Server Performance Around the World},
 year={2015}
}
@misc{fRootAnycastPlacement,
 author={Ray Bellis},
 url={labs.ripe.net/author/ray_bellis/researching-f-root-anycast-placement-using-ripe-atlas/},
 title={Researching F-root Anycast Placement Using RIPE Atlas},
 year={2015}
}
@misc{thousandEyesRDNSLatencyUpdated,
 author={Young Xu},
 url={thousandeyes.com/blog/2017-update-comparing-root-server-performance-globally/},
 title={2017 Update: Comparing Root Server Performance Globally},
 year={2017}
}
@misc{kRootAnycastOptimality,
 author={RIPE NCC},
 url={ripe.net/publications/docs/ripe-393#efficiency},
 title={Evaluating The Effects Of Anycast On DNS Root Nameservers},
 year={2006}
}
% Top sites
@misc{gtmetrix,
 title={The Top 1,000 Sites on the Internet},
 url={gtmetrix.com/top1000.html},
 author={GTmetrix},
 year={2019}
}
@inproceedings{landa2021staying,
  title={Staying Alive: Connection Path Reselection at the Edge},
  author={Landa, Raul and Saino, Lorenzo and Buytenhek, Lennert and Ara{\'u}jo, Jo{\~a}o Taveira},
  booktitle={USENIX NSDI},
  year={2021}
}
@inproceedings{govindan2016evolve,
  title={Evolve or die: High-availability Design Principles Drawn from Googles Network Infrastructure},
  author={Govindan, Ramesh and Minei, Ina and Kallahalla, Mahesh and Koley, Bikash and Vahdat, Amin},
  booktitle={ACM SIGCOMM},
  year={2016}
}

@inproceedings{giotsas2017detecting,
  title={Detecting Peering Infrastructure Outages in the Wild},
  author={Giotsas, Vasileios and Dietzel, Christoph and Smaragdakis, Georgios and Feldmann, Anja and Berger, Arthur and Aben, Emile},
  booktitle={ACM SIGCOMM},
  year={2017}
}

@misc{SDP,
   title={{Advancing safe deployment practices}},
   url={https://azure.microsoft.com/en-us/blog/advancing-safe-deployment-practices/},
   author={Mark Russinovich},
   year={2020}
}

@misc{aws-typo,
   title={{Amazon and the \$150 Million Typo}},
   url={https://www.npr.org/sections/thetwo-way/2017/03/03/518322734/amazon-and-the-150-million-typo},
   author={Rebecca Hersher},
   year={2017}
}

@inproceedings{dns_allman,
  title={Putting DNS in context},
  author={Allman, Mark},
  booktitle={ACM IMC},
  pages={309--316},
  year={2020}
}

@misc{gulp,
  title={Lossless gigabit remote packet capture with linux},
  author={Satten, Corey},
  year={2008},
  publisher={University of Washington Network Systems. http://staff. washington. edu~‚Ä¶}
}

@inproceedings{xu2002prefix,
  title={Prefix-preserving ip address anonymization: Measurement-based security evaluation and a new cryptography-based scheme},
  author={Xu, Jun and Fan, Jinliang and Ammar, Mostafa H and Moon, Sue B},
  booktitle={10th IEEE International Conference on Network Protocols, 2002. Proceedings.},
  pages={280--289},
  year={2002},
  organization={IEEE}
}

@misc{windows,
  title={Microsoft Q\&A about DNS cached},
  url = {https://learn.microsoft.com/en-us/answers/questions/144963/cloudflare-dns-cached}
}

@misc{chrome,
  title={Chromium},
  note = {https://github.com/chromium/chromium}
}

@inproceedings{dnscontrol_15,
  title={Re-evaluating the responsiveness of dns-based network control},
  author={Flavel, Ashley and Mani, Pradeepkumar and Maltz, David A},
  booktitle={2014 IEEE 20th International Workshop on Local \& Metropolitan Area Networks (LANMAN)},
  pages={1--4},
  year={2014},
  organization={IEEE}
}

@inproceedings{dnscontrol_04,
  title={On the responsiveness of DNS-based network control},
  author={Pang, Jeffrey and Akella, Aditya and Shaikh, Anees and Krishnamurthy, Balachander and Seshan, Srinivasan},
  booktitle={Proceedings of the 4th ACM SIGCOMM conference on Internet measurement},
  pages={21--26},
  year={2004}
}

@inproceedings{ontas,
  title={ONTAS: Flexible and scalable online network traffic anonymization system},
  author={Kim, Hyojoon and Gupta, Arpit},
  booktitle={Proceedings of the 2019 Workshop on Network Meets AI \& ML},
  pages={15--21},
  year={2019}
}

@misc{cloudflare-project-myriagon,
 title={Project Myriagon: Cloudflare Passes 10,000 Connected Networks},
 author={Ticiane Takami},
 url={https://blog.cloudflare.com/10000-networks-and-beyond/},
 year={2021}
}

@misc{azure-jan23-outage,
  title={{Global Microsoft cloud-service outage traced to rapid BGP router updates}},
  url={https://www.networkworld.com/article/3686531/global-microsoft-cloud-service-outage-traced-to-rapid-bgp-router-updates.html},
  author={Ann Bednarz},
  year={2023}
}

@misc{fb-oct21-outage,
  title={{Facebook: More details about the October 4 outage}},
  url={https://engineering.fb.com/2021/10/05/networking-traffic/outage-details/},
  author={Santosh Janardhan},
  year={2021}
}

@inproceedings{mapping-google,
  title={Mapping the expansion of Google's serving infrastructure},
  author={Calder, Matt and Fan, Xun and Hu, Zi and Katz-Bassett, Ethan and Heidemann, John and Govindan, Ramesh},
  booktitle={IMC 2013},
  pages={313--326},
  year={2013}
}

@misc{aws-cloudfront,
  title={{How CloudFront delivers content to your users}},
  url={https://docs.aws.amazon.com/AmazonCloudFront/latest/DeveloperGuide/HowCloudFrontWorks.html#HowCloudFrontWorksContentDelivery},
  author={Amazon AWS},
  year={2023}
}

@inproceedings{labovitz-traffic,
  title={{Internet Traffic 2009-2019}},
  author={Labovitz, Craig},
  url={{https://www.nanog.org/news-stories/nanog-tv/working-home/internet-traffic-2009-2019/}},
  booktitle={NANOG June 2019},
  year={2019}
}

@inproceedings{hao2018end,
  title={{End-Users} get maneuvered: Empirical analysis of redirection hijacking in content delivery networks},
  author={Hao, Shuai and Zhang, Yubao and Wang, Haining and Stavrou, Angelos},
  booktitle={USENIX Security 18},
  year={2018}
}

@article{maheshwari2015tcp,
  title={TCP over IP Anycast‚ÄîPipe dream or Reality?},
  author={Maheshwari, Ritesh},
  journal={Linked In Engineering, retrieved from the Internet: https://engineering. linkedin. com/network-performance/tcp-over-ip-anycast-pipe-dream-or-reality},
  year={2015}
}

@article{fu2018taming,
  title={Taming the wild: A scalable anycast-based CDN architecture (T-SAC)},
  author={Fu, Qiang and Rutter, Bradley and Li, Hao and Zhang, Peng and Hu, Chengchen and Pan, Tian and Huang, Zhangqin and Hou, Yibin},
  journal={IEEE Journal on Selected Areas in Communications},
  year={2018},
}

@misc{vultr-bgp,
  title={{Announce your IP Space with BGP and Vultr}},
  author={Vultr},
  url={https://www.vultr.com/features/bgp/},
  year={2023}
}
@misc{cloudflare-outage-postmortem,
  title={{Post mortem on the Cloudflare Control Plane and Analytics Outage}},
  author={Matthew Prince},
  url={https://blog.cloudflare.com/post-mortem-on-cloudflare-control-plane-and-analytics-outage/},
  year={2023}
}

@inproceedings{beckett2017general,
  title={A general approach to network configuration verification},
  author={Beckett, Ryan and Gupta, Aarti and Mahajan, Ratul and Walker, David},
  booktitle={Proceedings of the Conference of the ACM Special Interest Group on Data Communication},
  pages={155--168},
  year={2017}
}
@inproceedings{beckett2022katra,
  title={Katra: Realtime verification for multilayer networks},
  author={Beckett, Ryan and Gupta, Aarti},
  booktitle={19th USENIX Symposium on Networked Systems Design and Implementation (NSDI 22)},
  pages={617--634},
  year={2022}
}
@inproceedings{beckett2019putting,
  title={Putting network verification to good use},
  author={Beckett, Ryan and Mahajan, Ratul},
  booktitle={Proceedings of the 18th ACM Workshop on Hot Topics in Networks},
  pages={77--84},
  year={2019}
}
@article{feamster2004practical,
  title={Practical verification techniques for wide-area routing},
  author={Feamster, Nick},
  journal={ACM Sigcomm Computer Communication Review},
  volume={34},
  number={1},
  pages={87--92},
  year={2004},
  publisher={ACM New York, NY, USA}
}
@inproceedings{tang2023lightyear,
  title={Lightyear: Using modularity to scale bgp control plane verification},
  author={Tang, Alan and Beckett, Ryan and Benaloh, Steven and Jayaraman, Karthick and Patil, Tejas and Millstein, Todd and Varghese, George},
  booktitle={Proceedings of the ACM SIGCOMM 2023 Conference},
  pages={94--107},
  year={2023}
}